%%%%%%%%%%%%%%%%%%%%%%%%%%%%%%%%%%%%%%%%%%%%%%%%%%%%%%%%%%%
%
% STRINGS.
%
%%%%%%%%%%%%%%%%%%%%%%%%%%%%%%%%%%%%%%%%%%%%%%%%%%%%%%%%%%%

% Journal names.


%%%%%%%%%%%%%%%%%%%%%%%%%%%%%%%%%%%%%%%%%%%%%%%%%%%%%%%%%%%
%
% Templates.
%
%%%%%%%%%%%%%%%%%%%%%%%%%%%%%%%%%%%%%%%%%%%%%%%%%%%%%%%%%%%

% Use author's name as they appear in the article!
%
%article{ref:a,
%	author			= {},
%	title			= {},
%	booktitle		= {},
%	journal			= {},
%	volume			= {},
%	number			= {},
%	month			= {},
%	year			= {},
%	pages			= {},
%	organization	= {},
%	address			= {},
%	issn			= {},
%	speid			= {SPE },
%	abstract		= {}
%}



@webhref{ref:hirthsistema,
	author			= {Hirth Sistema},
	title			= {Detail of {H}irth Serrations},
	websitename		= {Hirth Sistema},
	year			= {2021},
	url				= {http://www.hirthsistema.com/}
}

@webhref{ref:wikipediatdistribution,
	author			= {Wikipedia contributors},
	title			= {Student's t-distribution},
	websitename		= {Wikipedia, The Free Encyclopedia},
	year			= {2021},
	url				= {https://en.wikipedia.org/w/index.php?title=Student\%27s\_t-distribution}
	note			= {Online; accessed 20-December-2021}
}
